<?xml version="1.0" encoding="UTF-8"?><collection><record><leader>07629ntm a2200697 a 4500</leader><controlfield tag="001">006769563</controlfield><controlfield tag="003">MiAaHDL</controlfield><controlfield tag="005">20190719000000.0</controlfield><controlfield tag="006">m        d        </controlfield><controlfield tag="007">cr bn ---auaua</controlfield><controlfield tag="008">090507s1636    xx            00| ||ara d</controlfield><datafield tag="035" ind1=" " ind2=" "><subfield code="a">(MiU)006769563</subfield></datafield><datafield tag="035" ind1=" " ind2=" "><subfield code="a">sdr-miu006769563</subfield></datafield><datafield tag="040" ind1=" " ind2=" "><subfield code="a">MiU</subfield><subfield code="c">MiU</subfield><subfield code="e">amremm</subfield></datafield><datafield tag="043" ind1=" " ind2=" "><subfield code="a">n-us-mi</subfield></datafield><datafield tag="100" ind1="1" ind2=" "><subfield code="6">880-01</subfield><subfield code="a">Zanjānī, Yaḥyá ibn Ibrāhīm ibn ʻAbd al-Salām,</subfield><subfield code="c">al-Imām al-Muʻaẓẓam,</subfield><subfield code="d">ca. 1640.</subfield></datafield><datafield tag="245" ind1="1" ind2="0"><subfield code="6">880-02</subfield><subfield code="a">[Sharḥ al-Taṣrīf al-ʻIzzī ... etc.,</subfield><subfield code="f">1045, i.e. 1636].</subfield></datafield><datafield tag="246" ind1="3" ind2=" "><subfield code="i">Edge title (tail):</subfield><subfield code="a">حاشيۀ عزى</subfield></datafield><datafield tag="260" ind1=" " ind2=" "><subfield code="c">[1636]</subfield></datafield><datafield tag="300" ind1=" " ind2=" "><subfield code="a">60 + iv leaves :</subfield><subfield code="b">paper ;</subfield><subfield code="c">210 x 154 (133 x 75) mm. bound to 220 x 165 mm.</subfield></datafield><datafield tag="500" ind1=" " ind2=" "><subfield code="a">Shelfmark: Ann Arbor, University of Michigan, Special Collections Library, Isl. Ms. 143</subfield></datafield><datafield tag="500" ind1=" " ind2=" "><subfield code="a">Origin: As appears in colophon on p.121, copied by Aḥmad ibn Ṭūrsī [?]. Transcription finished Dhū al-Qaʻdah 1045 [?] [April-May 1636]. Appears that copyist originally entered خمسون then added اربعون above it.</subfield></datafield><datafield tag="500" ind1=" " ind2=" "><subfield code="a">Former shelfmark: British Museum, London "No. 147. Commentary on al-Tashrif."</subfield></datafield><datafield tag="500" ind1=" " ind2=" "><subfield code="a">Binding: Serving as a wrapper, pasteboards covered in laid paper (likely originally marbled, compare flap) with spine, fore-edge flap and edges/turn-ins in black leather ; Type II binding (with flap) ; board linings in laid paper ; originally housed a different textblock ; current textblock sewn in pink thread, two stations but simply set in to cover without attachment to spine or endleaves ; overall in poor condition with much abrasion, lifting and losses of paper and leather, delamination of boards, staining, etc. ; repairs in dark brown leather ; housed in envelope.</subfield></datafield><datafield tag="500" ind1=" " ind2=" "><subfield code="a">Support: European laid paper with 8 laid lines per cm. (vertical) and chain lines spaced 30 mm. apart (horizontal) ; crown-star-crescent watermark, accompanied by countermark of "G V" surmounted by trefoil ; thick, sturdy and well-burnished.</subfield></datafield><datafield tag="500" ind1=" " ind2=" "><subfield code="a">Decoration: Keywords rubricated ; textual dividers in the form of three dots.</subfield></datafield><datafield tag="500" ind1=" " ind2=" "><subfield code="a">Script: Naskh ; clear Turkish hand ; virtually serifless, though occasional head-serifs appear irregularly on alif, lām, etc. ; effect of tilt to the left ; many open counters ; rounded ; kāf mashkūlah (mashqūqah) preferred.</subfield></datafield><datafield tag="500" ind1=" " ind2=" "><subfield code="a">Layout: Written in 15 lines per page ; frame-ruled.</subfield></datafield><datafield tag="500" ind1=" " ind2=" "><subfield code="a">Collation: i, 6 V(60), iii ; entirely quinions ; added leaves from textblock previously housed in this cover ; catchwords present ; pagination in pencil, Western numerals, supplied during digitization (includes leaves carried from textblock previously housed in this cover).</subfield></datafield><datafield tag="500" ind1=" " ind2=" "><subfield code="a">Colophon: "Scribal," rectangular, reads: "تم الكتاب بعون الله الملك الوهاب رحمة الله عليه [كذا] من عبد الضعيف الفقير الحقير الى رب الكريم احمد ابن طورسى رحمة الله عليه ذي القعدنك اوندردنجى كنى ثلا وقتنده تم الكتاب تاريخ سنه خمسه وخمسون [اربعون] والف"</subfield></datafield><datafield tag="500" ind1=" " ind2=" "><subfield code="a">Explicit: "والفرق بين المصدر في النوع من هذا القسم القرينة [؟]"</subfield></datafield><datafield tag="500" ind1=" " ind2=" "><subfield code="a">Incipit: "الحمد لله على جزيل نعمائه السابقة واشكره على جميل الائه [؟] المتلاحقة ... وبعد يقول اضعف عباد الله واحوجهم الى رحمته يحيى [؟] الملقب بالامام المعظم ابن ابراهيم ابن عبد السلام الزنجاني لما [رايت؟] قلوب الطلاب من محصلى ابناء زماننا مائلة بهذا المختصر في علم الصرف المنسوب الى المولى المعظم ... عز الملة والدين عماد الاسلام والمسلمين عبد الوهاب ابراهيم الزنجاني ... اردت ان [اشرحه] شرحا فائقا ..."</subfield></datafield><datafield tag="500" ind1=" " ind2=" "><subfield code="a">Title supplied by cataloguer.</subfield></datafield><datafield tag="500" ind1=" " ind2=" "><subfield code="a">Ms. codex.</subfield></datafield><datafield tag="505" ind1="0" ind2=" "><subfield code="a">5. p.124-p.126 : [brief excerpt from Sharḥ Ādāb al-Birkawī] / al-Qāzābādī.</subfield></datafield><datafield tag="505" ind1="0" ind2=" "><subfield code="a">4. p.122-123 : [originally left blank].</subfield></datafield><datafield tag="505" ind1="0" ind2=" "><subfield code="a">3. p.4-p.121 : [Sharḥ al-Taṣrīf al-ʻIzzī] / Yaḥyá ibn Ibrāhīm ibn ʻAbd al-Salām al-Zanjānī.</subfield></datafield><datafield tag="505" ind1="0" ind2=" "><subfield code="a">2. p.3 : [blank].</subfield></datafield><datafield tag="505" ind1="0" ind2=" "><subfield code="a">1. p.2 : [brief excerpt from Ḥāshiyat al-uṣūl wa-ghāshiyat al-fuṣūl ʻalá al-Muqaddimāt al-arbaʻ] / al-Qāzābādī.</subfield></datafield><datafield tag="510" ind1="4" ind2=" "><subfield code="a">Kaḥḥālah, ʻUmar Riḍā. Muʻjam al-muʼallifīn. Beirut, 1993.</subfield><subfield code="c">v.1 p.251</subfield></datafield><datafield tag="510" ind1="4" ind2=" "><subfield code="a">Ḥājjī Khalīfah. Kashf al-ẓunūn,</subfield><subfield code="c">2/1139</subfield></datafield><datafield tag="510" ind1="4" ind2=" "><subfield code="a">Brockelmann, C. GAL,</subfield><subfield code="c">I 283</subfield></datafield><datafield tag="520" ind1="8" ind2=" "><subfield code="a">Fine copy of Yaḥyá ibn Ibrāhīm ibn ʻAbd al-Salām al-Zanjānī's commentary on ʻAzz al-Dīn ʻAbd al-Wahhāb ibn Ibrāhīm al-Zanjānī's Kitāb al-Taṣrīf. Wrapped in a cover originally affixed to a textblock containing at least two different works of Abū al-Nāfiʻ Aḥmad ibn Muḥammad ibn Isḥāq al-Qāzābādī (d.1749), namely a ḥāshiyah on al-Muqaddimāt al-arbaʻ, a portion of ʻUbayd Allāh ibn Masʻūd al-Maḥbūbī's (d.1346) commentary on his own Tanqīḥ al-Uṣūl, and a commentary on the Ādāb of Birgivî Mehmet Efendi (d.1573). Brief excerpts from these two works thus appear on the leaves still attached to the upper and lower covers.</subfield></datafield><datafield tag="538" ind1=" " ind2=" "><subfield code="a">Mode of access: Internet.</subfield></datafield><datafield tag="541" ind1=" " ind2=" "><subfield code="c">Purchase ;</subfield><subfield code="a">Acquired by purchase (funds donated by Horace Rackham).</subfield><subfield code="d">1924.</subfield></datafield><datafield tag="546" ind1=" " ind2=" "><subfield code="a">Arabic.</subfield></datafield><datafield tag="561" ind1=" " ind2=" "><subfield code="a">Bookplate of British Museum, London on interior of upper cover, "British Museum, London. No. 147. Commentary on al-Tashrif." ; circular seal impression with figure of goat/gazelle in purple ink as well as inscription "343" in Western numerals on (p.1) ; also on (p.1) ownership statement in name of ʻAbd al-Ghafūr ibn Muḥammad Saʻīd Shukrī accompanied by circular seal impression seemingly dated 1267 [1850 or 1] "السيد عبد الغفور شكرى [؟] ۱۲٦٧", statement reads "تملكه الفقير الى رحمة ربه القدير [السيد العبد] الغفور بن محمد سعيد ... زاده" (compare statement and seal impression in Isl. Ms. 15) ; a few marginal corrections.</subfield></datafield><datafield tag="600" ind1="1" ind2="0"><subfield code="a">Zanjānī, ʻAbd al-Wahhāb ibn Ibrāhīm,</subfield><subfield code="d">active 1257.</subfield><subfield code="t">Mabādiʼ fī al-taṣrīf.</subfield></datafield><datafield tag="650" ind1=" " ind2="0"><subfield code="a">Manuscripts, Arabic</subfield><subfield code="z">Michigan</subfield><subfield code="z">Ann Arbor.</subfield></datafield><datafield tag="650" ind1=" " ind2="0"><subfield code="a">Arabic language</subfield><subfield code="x">Morphology</subfield><subfield code="v">Early works to 1800.</subfield></datafield><datafield tag="650" ind1=" " ind2="0"><subfield code="a">Arabic language</subfield><subfield code="x">Syntax</subfield><subfield code="v">Early works to 1800.</subfield></datafield><datafield tag="650" ind1=" " ind2="0"><subfield code="a">Arabic language</subfield><subfield code="x">Inflection</subfield><subfield code="v">Early works to 1800.</subfield></datafield><datafield tag="700" ind1="0" ind2=" "><subfield code="6">880-07</subfield><subfield code="a">ʻAbd al-Ghafūr Shukrī,</subfield><subfield code="d">fl. 1850,</subfield><subfield code="e">former owner.</subfield></datafield><datafield tag="700" ind1="1" ind2="2"><subfield code="6">880-06</subfield><subfield code="a">Qāzābādī, Aḥmad ibn Muḥammad.</subfield><subfield code="t">Sharḥ Ādāb al-Birkawī.</subfield><subfield code="k">Selections.</subfield></datafield><datafield tag="700" ind1="1" ind2="2"><subfield code="6">880-05</subfield><subfield code="a">Qāzābādī, Aḥmad ibn Muḥammad.</subfield><subfield code="t">Ḥāshiyat al-uṣūl wa-ghāshiyat al-fuṣūl ʻalá al-Muqaddimāt al-arbaʻ.</subfield><subfield code="k">Selections.</subfield></datafield><datafield tag="773" ind1="0" ind2=" "><subfield code="a">Tiflis Collection.</subfield></datafield><datafield tag="880" ind1="0" ind2=" "><subfield code="6">700-07/</subfield><subfield code="a">عبد الغفور شكري،</subfield><subfield code="e">مالك سابق.</subfield></datafield><datafield tag="880" ind1="1" ind2="2"><subfield code="6">700-06/</subfield><subfield code="a">قاز آبادي، احمد بن محمد.</subfield><subfield code="t">شرح آداب البركوى.</subfield><subfield code="k">مختارات.</subfield></datafield><datafield tag="880" ind1="1" ind2="2"><subfield code="6">700-05/</subfield><subfield code="a">قاز آبادي، احمد بن محمد.</subfield><subfield code="t">حاشية القاز آبادى على المقدمات الاربع.</subfield><subfield code="k">مختارات.</subfield></datafield><datafield tag="880" ind1="1" ind2="0"><subfield code="6">245-02/</subfield><subfield code="a">[شرح التصريف العزي ... الخ,</subfield><subfield code="f">1045ه, 1636م].</subfield></datafield><datafield tag="880" ind1="1" ind2=" "><subfield code="6">100-01/</subfield><subfield code="a">زنجاني، يحيى بن ابراهيم بن عبد السلام،</subfield><subfield code="c">الامام المعظم.</subfield></datafield><datafield tag="CID" ind1=" " ind2=" "><subfield code="a">006769563</subfield></datafield><datafield tag="DAT" ind1="0" ind2=" "><subfield code="a">20190719102635.0</subfield><subfield code="b">20190719000000.0</subfield></datafield><datafield tag="DAT" ind1="1" ind2=" "><subfield code="a">20190719090653.0</subfield><subfield code="b">2019-07-19T16:10:59Z</subfield></datafield><datafield tag="DAT" ind1="2" ind2=" "><subfield code="a">2015-10-02T18:00:03Z</subfield></datafield><datafield tag="CAT" ind1=" " ind2=" "><subfield code="a">SDR-MIU</subfield><subfield code="d">EX LIBRIS - ALEPH</subfield><subfield code="l">prepare.pl-004-008</subfield></datafield><datafield tag="FMT" ind1=" " ind2=" "><subfield code="a">BK</subfield></datafield><datafield tag="HOL" ind1=" " ind2=" "><subfield code="0">sdr-miu006769563</subfield><subfield code="a">MiU</subfield><subfield code="b">SDR</subfield><subfield code="c">MIU</subfield><subfield code="p">mdp.39015079125988</subfield><subfield code="s">MIU</subfield><subfield code="1">006769563</subfield></datafield><datafield tag="974" ind1=" " ind2=" "><subfield code="b">MIU</subfield><subfield code="c">MIU</subfield><subfield code="d">20190719</subfield><subfield code="s">lit-dlps-dc</subfield><subfield code="u">mdp.39015079125988</subfield><subfield code="y">1636</subfield><subfield code="r">pd</subfield><subfield code="q">bib</subfield><subfield code="t">non-US bib date1 &lt; 1896</subfield></datafield></record></collection>